<?xml version="1.0" encoding="UTF-8"?><collection xmlns="http://www.loc.gov/MARC21/slim"><record><leader>00537nam--2200181-i-4500</leader><controlfield tag="001">000023323</controlfield><controlfield tag="002">20161230</controlfield><controlfield tag="005">20161230201035</controlfield><controlfield tag="008">060222s1000------------r-----000-0-eng-d</controlfield><datafield ind1=" " ind2=" " tag="040"><subfield code="a">IFIN-HH</subfield></datafield><datafield ind1=" " ind2=" " tag="080"><subfield code="a">533.73</subfield></datafield><datafield ind1="1" ind2=" " tag="100"><subfield code="a">Gilardini, Aldo</subfield></datafield><datafield ind1="1" ind2="0" tag="245"><subfield code="a">Low energy electron collisions in gases: swarm and plasma methods applied to their study</subfield><subfield code="c">Aldo gilardini</subfield></datafield><datafield ind1=" " ind2=" " tag="260"><subfield code="a">New York,John Wiley &amp; Sons, 1972</subfield></datafield><datafield ind1=" " ind2=" " tag="300"><subfield code="a">XIV+493P</subfield></datafield><datafield ind1=" " ind2=" " tag="490"><subfield code="a">Wiley Series In Plasma Physics</subfield></datafield><datafield ind1=" " ind2=" " tag="852"><subfield code="a">39436</subfield><subfield code="c">533.7</subfield></datafield><datafield ind1=" " ind2=" " tag="CAT"><subfield code="a">Sys</subfield><subfield code="c">20100915</subfield><subfield code="h">135135</subfield></datafield></record></collection>